% This file was created with JabRef 2.8.
% Encoding: Cp1252

@MASTERSTHESIS{Fletzer08,
  author = {Martin Fletzer},
  title = {SPEAR2 - An Improved Version of SPEAR},
  school = {Fakultät für Informatik der Technischen Universität Wien},
  year = {2008},
  type = {Diplomarbeit},
  owner = {Joe},
  timestamp = {2012.04.14},
  url = {http://ti.tuwien.ac.at/ecs/teaching/courses/hwsw_lu_WS2011}
}

@MANUAL{Meier08,
  title = {Portierung des GDB für die SPEAR 2 Architektur},
  author = {Ludwig Meier},
  organization = {Fakultät für Informatik der Technischen Universität Wien},
  year = {2008},
  owner = {Administrator},
  timestamp = {2012.08.17},
  url = {http://ti.tuwien.ac.at/ecs/teaching/courses/hwsw_lu_WS2011}
}

@MANUAL{Steiger07,
  title = {miniUART Dokumentation Version 0.9},
  author = {Roman Steiger},
  organization = {Fakultät für Informatik der Technischen Universität Wien},
  year = {2007},
  owner = {Administrator},
  timestamp = {2012.08.17},
  url = {http://ti.tuwien.ac.at/ecs/teaching/courses/hwsw_lu_WS2011}
}

@MASTERSTHESIS{Walter11,
  author = {Martin Walter},
  title = {The SPEAR2 Hardware/Software Interface},
  school = {Fakultät für Informatik der Technischen Universität Wien},
  year = {2011},
  type = {Diplomarbeit},
  owner = {Joe},
  timestamp = {2012.04.14},
  url = {http://ti.tuwien.ac.at/ecs/teaching/courses/hwsw_lu_WS2011}
}

@MISC{BitcoinKurs12,
  title = {Bitcoin Wechselkurs},
  owner = {Administrator},
  timestamp = {2012.09.11},
  url = {https://www.bitcoin.de/de?sj\_cultrue=de},
  urldate = {2012-08-10}
}

@MISC{Folding12,
  title = {Folding@Home},
  owner = {Administrator},
  timestamp = {2012.09.11},
  url = {http://fah-web.stanford.edu/cgi-bin/main.py?qtype=osstats},
  urldate = {2012-03-10}
}

@MANUAL{AltREM12,
  title = {Remote System Upgrade (ALTREMOTE\_UPDATE) Megafunction User Guide},
  organization = {Altera Corporation},
  address = {101 Innovation Drive - San Jose, CA 95134, USA},
  year = {2012},
  owner = {Administrator},
  timestamp = {2012.08.17}
}

@MANUAL{AltCycIVData11,
  title = {Cyclone IV Device Handbook},
  organization = {Altera Corporation},
  address = {101 Innovation Drive - San Jose, CA 95134, USA},
  edition = {Volume 1},
  year = {2011},
  owner = {Joe},
  timestamp = {2012.04.15}
}

@MANUAL{AltEmbIP11,
  title = {Embedded Peripherals IP User Guide},
  organization = {Altera Corporation},
  address = {101 Innovation Drive - San Jose, CA 95134, USA},
  year = {2011},
  owner = {Administrator},
  timestamp = {2012.08.17}
}

@MANUAL{AltEPC11,
  title = {3. Serial Configuration Devices (EPCS1,
	
	EPCS4, EPCS16, EPCS64, and EPCS128)
	
	Data Sheet},
  organization = {Altera Corporation},
  address = {101 Innovation Drive - San Jose, CA 95134, USA},
  year = {2011},
  owner = {Joe},
  timestamp = {2012.04.15}
}

@MANUAL{TeraDE0User11,
  title = {DE0-Nano User Manual},
  organization = {Terasic Technologies Inc.},
  address = {9F., No.176, Sec.2, Gongdao 5th Rd, East Dist, Hsinchu City, 30070.
	Taiwan},
  year = {2011},
  owner = {Joe},
  timestamp = {2012.04.15}
}

@MANUAL{AMIC10,
  title = {A25LQ032 Series},
  organization = {AMIC Technology Corporation},
  address = {No. 2 Li-Hsin 6th Road, Science-based industrial Park, Hsin-Chu City,
	300, Taiwan},
  year = {2010},
  owner = {Administrator},
  timestamp = {2012.08.07}
}

@MANUAL{AltConf08,
  title = {1. Configuring Altera FPGAs},
  organization = {Altera Corporation},
  address = {101 Innovation Drive - San Jose, CA 95134, USA},
  year = {2008},
  owner = {Joe},
  timestamp = {2012.04.15}
}

@MANUAL{MicroENC2806,
  title = {ENC28J60 Data Sheet},
  organization = {Microchip Technology Inc.},
  address = {2355 West Chandler Blvd. - Chandler, Arizona, USA 85224-6199},
  year = {2006},
  owner = {Joe},
  timestamp = {2012.04.15}
}

@MANUAL{MicroENCERR06,
  title = {ENC28J60 Rev. B4 Silicon Errata},
  organization = {Microchip Technology Inc.},
  address = {2355 West Chandler Blvd. - Chandler, Arizona, USA 85224-6199},
  year = {2006},
  owner = {Administrator},
  timestamp = {2012.08.14}
}

@MANUAL{ISSI05,
  title = {IS42S16160B},
  organization = {Integrated Silicon Solution, Inc.},
  address = {1940 Zanker Road, San Jose, CA 95112-4216},
  year = {2005},
  owner = {Administrator},
  timestamp = {2012.08.07}
}

